@article{Phong1975lighting,
  author     = {Phong, Bui Tuong},
  title      = {Illumination for Computer Generated Pictures},
  year       = {1975},
  issue_date = {June 1975},
  publisher  = {Association for Computing Machinery},
  address    = {New York, NY, USA},
  volume     = {18},
  number     = {6},
  issn       = {0001-0782},
  url        = {https://doi.org/10.1145/360825.360839},
  doi        = {10.1145/360825.360839},
  journal    = {Commun. ACM},
  month      = {jun},
  pages      = {311–317},
  numpages   = {7},
  keywords   = {hidden surface removal, graphic display, computer graphics, shading}
}

@inproceedings{Jensen1996photonmaps,
  author    = {Jensen, Henrik Wann},
  editor    = {Pueyo, Xavier
               and Schr{\"o}der, Peter},
  title     = {Global Illumination using Photon Maps},
  booktitle = {Rendering Techniques '96},
  year      = {1996},
  publisher = {Springer Vienna},
  address   = {Vienna},
  pages     = {21--30},
  isbn      = {978-3-7091-7484-5}
}

@article{Cook1984multisampling,
  author     = {Cook, Robert L. and Porter, Thomas and Carpenter, Loren},
  title      = {Distributed Ray Tracing},
  year       = {1984},
  issue_date = {July 1984},
  publisher  = {Association for Computing Machinery},
  address    = {New York, NY, USA},
  volume     = {18},
  number     = {3},
  issn       = {0097-8930},
  url        = {https://doi.org/10.1145/964965.808590},
  doi        = {10.1145/964965.808590},
  journal    = {SIGGRAPH Comput. Graph.},
  month      = {jan},
  pages      = {137–145},
  numpages   = {9}
}

@article{Moller1997mtalgo,
  author    = {Tomas M{\"o}ller and Ben Trumbore},
  title     = {Fast, Minimum Storage Ray-Triangle Intersection},
  journal   = {Journal of Graphics Tools},
  volume    = {2},
  number    = {1},
  pages     = {21-28},
  year      = {1997},
  publisher = {Taylor & Francis},
  doi       = {10.1080/10867651.1997.10487468},
  url       = {https://doi.org/10.1080/10867651.1997.10487468},
  eprint    = {https://doi.org/10.1080/10867651.1997.10487468}
}

@book{Suffern2016ray,
  title     = {Ray Tracing from the Ground Up},
  author    = {Suffern, Kevin},
  isbn      = {9781498774703},
  lccn      = {2007021706},
  year      = {2016},
  publisher = {CRC Press},
  chapter   = {28.1}
}

@article{Schlick1994approx,
  author   = {Schlick, Christophe},
  title    = {An Inexpensive BRDF Model for Physically-based Rendering},
  journal  = {Computer Graphics Forum},
  volume   = {13},
  number   = {3},
  pages    = {233-246},
  keywords = {Physically-Based Rendering, Bidirectional Reflectance Distribution Function, Optimization},
  doi      = {https://doi.org/10.1111/1467-8659.1330233},
  url      = {https://onlinelibrary.wiley.com/doi/abs/10.1111/1467-8659.1330233},
  eprint   = {https://onlinelibrary.wiley.com/doi/pdf/10.1111/1467-8659.1330233},
  year     = {1994}
}


